@book {introToNNs,
author = {Yadav, Neha},
editor = {Yadav, Anupam and Kumar, Manoj},
title = {An Introduction to Neural Network Methods for Differential Equations},
address = {Dordrecht},
year = {2015},
publisher = {Springer Berlin Heidelberg},
keywords = {Differential Equations. Computer science / Mathematics. Engineering mathematics. Mathematics},
pages = {Online-Ressource (XIII, 114 p. 21 illus, online resource)},
URL = {http://nbn-resolving.de/urn/resolver.pl?urn=10.1007/978-94-017-9816-7},
URL = {http://dx.doi.org/10.1007/978-94-017-9816-7},
URL = {http://swbplus.bsz-bw.de/bsz427135680cov.htm},
URL = {http://dx.doi.org/10.1007/978-94-017-9816-7},
type = {Text (nur für elektronische Ressourcen)},
ISBN = {978-940-179-816-7},
ISBN = {978-940-179-815-0 (Druckausgabe)},
}

@article {logicalCalculus1943,
author = {Warren McCulloch, William Pitts},
title = {A logical calculus of the ideas immanent in nervous activity},
journal = {Bulletin of Mathematical Biophysics},
year = {1943},
pages = {115–133},
volume = {5 (1943)},
}

@book { nnsAndPatternRecog,
title = {Neural networks and pattern recognition},
address = {San Diego, Calif.},
year = {c1998},
publisher = {Academic Press},
keywords = {Neural networks (Computer science). Pattern recognition systems. Electronic books},
pages = {Online-Ressource (xvi, 351 p.)},
URL = {http://proquest.tech.safaribooksonline.de/9780125264204},
URL = {http://proquest.tech.safaribooksonline.de/9780125264204},
URL = {http://proquest.tech.safaribooksonline.de/9780125264204},
type = {Text (nur für elektronische Ressourcen)},
ISBN = {978-0-08-051261-7},
ISBN = {0-08-051261-5},
ISBN = {978-0-12-526420-4},
}

@BOOK{Minsky1988,
	AUTHOR = {Minsky, Marvin AND Papert, Seymour A.},
	YEAR = {1988},
	TITLE = {Perceptrons - An Introduction to Computational Geometry},
	EDITION = {Expanded ed.},
	ISBN = {978-0-262-63111-2},
	PUBLISHER = {M.I.T.Pr.},
	ADDRESS = {},
}

@misc{delraRule,
  title = {The Delta Rule},
  howpublished = {\url{http://uhavax.hartford.edu/compsci/neural-networks-delta-rule.html}},
  note = {Accessed: 2016-02-15}
}

@book{aggressive_behaviour,
	author = {Dwight A Hennessy, David L Wiesenthal},
	title = {Aggressive Behavior},
	date = {1999},
	OPTurl = {https://www.researchgate.net/profile/Dwight_Hennessy/publication/229863510_Traffic_congestion_driver_stress_and_driver_aggression/links/0deec53274dd4c9e88000000.pdf},
	OPTurldate = {2016/05/19}
}

@article{atcs_overview,
	author = {Yi Zhao, Zong Tian},
	title = {An Overview of the Usage of Adaptive Signal Control System in the United States of America},
	journaltitle = {Applied Mechanics and Materials},
	date = {05/2012},
	OPTurl = {http://wolfweb.unr.edu/homepage/zongt/Publications_files/YiZhaoATC-Applied%20Mechanics%20and%20Materials.pdf},
	OPTurldate = {2016/05/20}
}

@report{intersection_collision_avoidance,
	author = {BELLOMO-MCGEE INCORPORATED},
	title = {INTERSECTION COLLISION AVOIDANCE STUDY},
	type = {Final Report},
	institution = {BELLOMO-MCGEE INCORPORATED},
	date = {September 2003},
	OPTurl = {http://ntl.bts.gov/lib/jpodocs/repts_te/14105.htm},
	OPTurldate = {2016/05/20}
}

@manual{mutcd,
	title = {Manual on Uniform Traffic Control Devices},
	date = {January 15, 2010},
	OPTlanguage = {English},
	OPTurl = {http://mutcd.fhwa.dot.gov/HTM/2003r1/part4/part4d.htm#section4D13},
	OPTurldate = {2016/05/21}
}

@manual{ptsnrc,
	title = {Preemption of Traffic Signals Near Railroad Crossings},
	date = {14.2.2006},
	OPTlanguage = {English},
	OPTurl = {http://library.ite.org/pub/e1dca8bc-2354-d714-51cd-bd0091e7d820},
	OPTurldate = {2016/05/22}
}

@book{matsim,
	author = {Andreas Horni, Kai Nagel, Kay W. Axhausen},
	title = {The Multi-Agent Transport Simulation
	MATSim},
	date = {2016},
	OPTchapter = {12},
	OPTpages = {90},
	OPTurl = {http://ci.matsim.org:8080/job/MATSim-Book-r2016/ws/matsimbook-latest.pdf},
	OPTurldate = {2016/05/22}
}

@manual{rilsa,
	title = {Richtlinien für Lichtsignalanlagen},
	date = {2015},
	OPTsubtitle = {Lichtzeichenanlagen für den Straßenverkehr},
	OPTlanguage = {German},
	OPTedition = {2015},
	OPTorganization = {Forschungsgesellschft für Straßen- und Verkehrswesen},
	OPTpublisher = {Forschungsgesellschft für Straßen- und Verkehrswesen},
	OPTisbn = {978-3-939715-91-7},
	OPTchapter = {Grundsätze},
	OPTpages = {15},
	OPTpagetotal = {90}
}

@manual{tmg,
	title = {Traffic Monitoring Guide},
	date = {September 2013},
	OPTsubtitle = {Federal Highway Administration Traffic Monitoring Guide},
	OPTlanguage = {English},
	OPTversion = {2013},
	OPTorganization = {U.S. Department of Transportation},
	OPTpublisher = {Office of Highway Policy Information},
	OPTchapter = {3},
	OPTurl = {http://www.fhwa.dot.gov/policyinformation/tmguide/tmg_fhwa_pl_13_015.pdf},
	OPTurldate = {2016/05/28}
}

@manual{tdh,
	title = {Traffic Detector Handbook},
	date = {May 2006},
	OPTlanguage = {English},
	OPTedition = {3},
	OPTorganization = {U.S. Department of Transportation},
	OPTpublisher = {Federal Highway Administration Research and Technology},
	OPTchapter = {2},
	OPTurl = {http://www.fhwa.dot.gov/publications/research/operations/its/06108/02.cfm},
	OPTurldate = {2016/05/28}
}

@thesis{littleslaw,
	author = {William S. Jewell},
	title = {A Simple Proof of: L = λW},
	institution = {University of California, Berkeley, California},
	date = {December 1, 1967},
	OPTlanguage = {English},
	OPTurl = {http://dx.doi.org/10.1287/opre.15.6.1109},
	OPTurldate = {2016/05/28},
}

@article{pedest_traffic,
	author = {Marisamynathan, Vedagiri Perumal},
	title = {Study on pedestrian crossing behavior at signalized intersections},
	journaltitle = {Journal of Traffic and Transportation Engineering},
	date = {2014},
	OPTlanguage = {English},
	OPTurl = {http://www.sciencedirect.com/science/article/pii/S2095756415300945},
	OPTurldate = {2016/05/28}
}
